<?xml version="1.0" encoding="UTF-8"?><collection xmlns="http://www.loc.gov/MARC21/slim"><record><leader>00362nam--2200121-i-4500</leader><controlfield tag="001">000006487</controlfield><controlfield tag="002">20161230</controlfield><controlfield tag="005">20161230201026</controlfield><controlfield tag="008">060222s1000------------r-----000-0-eng-d</controlfield><datafield ind1=" " ind2=" " tag="100"><subfield code="a">Astier Andre</subfield></datafield><datafield ind1=" " ind2=" " tag="245"><subfield code="a">Etude de l interaction avec les noyaux de cuivre des mesons pi negatifs de grande ener gie</subfield></datafield><datafield ind1=" " ind2=" " tag="260"><subfield code="a">Paris, Faculte Des Sciences ,1960 134p</subfield></datafield><datafield ind1=" " ind2=" " tag="852"><subfield code="a">19112</subfield></datafield></record></collection>